@article{shwartz2017opening,
  title={Opening the black box of deep neural networks via information},
  author={Shwartz-Ziv, Ravid and Tishby, Naftali},
  journal={arXiv preprint arXiv:1703.00810},
  year={2017}
}

@article{tishby2000information,
  title={The information bottleneck method},
  author={Tishby, Naftali and Pereira, Fernando C and Bialek, William},
  journal={arXiv preprint physics/0004057},
  year={2000}
}

@conference{saxe2018information,
  title={On the Information Bottleneck Theory of Deep Learning},
  author={Saxe, Andrew and Bansal, Yamini and Dapello, Joel and Advani, Madhu and Kolchinsky, Artemy and Tracey, Brendan, and Cox, David},
  booktitle={Sixth International Conference on Learning Representations},
  year={2018},
}

@article{amjad2018information,
  author    = {Rana Ali Amjad and
               Bernhard C. Geiger},
  title     = {How (Not) To Train Your Neural Network Using the Information Bottleneck
               Principle},
  journal   = {CoRR},
  volume    = {abs/1802.09766},
  year      = {2018},
  archivePrefix = {arXiv},
  eprint    = {1802.09766},
  timestamp = {Fri, 02 Mar 2018 13:46:22 +0100},
  biburl    = {https://dblp.org/rec/bib/journals/corr/abs-1802-09766},
  bibsource = {dblp computer science bibliography, https://dblp.org}
}

@article{plis2014deep,
  title={Deep learning for neuroimaging: a validation study},
  author={Plis, Sergey M and Hjelm, Devon R and Salakhutdinov, Ruslan and Allen, Elena A and Bockholt, Henry J and Long, Jeffrey D and Johnson, Hans J and Paulsen, Jane S and Turner, Jessica A and Calhoun, Vince D},
  journal={Frontiers in neuroscience},
  volume={8},
  pages={229},
  year={2014},
  publisher={Frontiers}
}

@article{kim2016deep,
  title={Deep neural network with weight sparsity control and pre-training extracts hierarchical features and enhances classification performance: Evidence from whole-brain resting-state functional connectivity patterns of schizophrenia},
  author={Kim, Junghoe and Calhoun, Vince D and Shim, Eunsoo and Lee, Jong-Hwan},
  journal={Neuroimage},
  volume={124},
  pages={127--146},
  year={2016},
  publisher={Elsevier}
}

@Article{han2017schizophrenia,
author="Han, Shaoqiang
and Huang, Wei
and Zhang, Yan
and Zhao, Jingping
and Chen, Huafu",
title="Recognition of early-onset schizophrenia using deep-learning method",
journal="Applied Informatics",
year="2017",
month="Dec",
day="06",
volume="4",
number="1",
pages="16",
issn="2196-0089",
doi="10.1186/s40535-017-0044-3",
}

@inproceedings{castro2015generation,
  title={Generation of synthetic structural magnetic resonance images for deep learning pre-training},
  author={Castro, Eduardo and Ulloa, Alvaro and Plis, Sergey M and Turner, Jessica A and Calhoun, Vince D},
  booktitle={Biomedical Imaging (ISBI), 2015 IEEE 12th International Symposium on},
  pages={1057--1060},
  year={2015},
  organization={IEEE}
}

@article{jang2017task,
  title={Task-specific feature extraction and classification of fMRI volumes using a deep neural network initialized with a deep belief network: Evaluation using sensorimotor tasks},
  author={Jang, Hojin and Plis, Sergey M and Calhoun, Vince D and Lee, Jong-Hwan},
  journal={NeuroImage},
  volume={145},
  pages={314--328},
  year={2017},
  publisher={Elsevier}
}

@inproceedings{silva2014tenth,
  title={The tenth annual MLSP competition: schizophrenia classification challenge},
  author={Silva, Rogers F and Castro, Eduardo and Gupta, Cota Navin and Cetin, Mustafa and Arbabshirani, Mohammad and Potluru, Vamsi K and Plis, Sergey M and Calhoun, Vince D},
  booktitle={Machine Learning for Signal Processing (MLSP), 2014 IEEE International Workshop on},
  pages={1--6},
  year={2014},
  organization={IEEE}
}